Scopus
EXPORT DATE: 30 March 2022

@ARTICLE{Xue20221166,
author={Xue, F. and Robin, G. and Boudaoud, H. and Cruz Sanchez, F.A. and Daya, E.M.},
title={General Methodology to Investigate the Effect of Process Parameters on the Vibration Properties of Structures Produced by Additive Manufacturing Using Fused Filament Fabrication},
journal={JOM},
year={2022},
volume={74},
number={3},
pages={1166-1175},
doi={10.1007/s11837-021-05051-9},
note={cited By 0},
url={https://www.scopus.com/inward/record.uri?eid=2-s2.0-85123074411&doi=10.1007%2fs11837-021-05051-9&partnerID=40&md5=a32a4a53172b01c8ef59a4aa79640e4e},
document_type={Article},
source={Scopus},
}

@ARTICLE{Santander2022,
author={Santander, P. and Cruz Sanchez, F.A. and Boudaoud, H. and Camargo, M.},
title={Social, political, and technological dimensions of the sustainability evaluation of a recycling network. A literature review},
journal={Cleaner Engineering and Technology},
year={2022},
volume={6},
doi={10.1016/j.clet.2022.100397},
art_number={100397},
note={cited By 0},
url={https://www.scopus.com/inward/record.uri?eid=2-s2.0-85122915420&doi=10.1016%2fj.clet.2022.100397&partnerID=40&md5=20bc41572f0a32e29e32d9eb4c72f9e1},
document_type={Review},
source={Scopus},
}

@ARTICLE{Alexandre2020237,
author={Alexandre, A. and Cruz Sanchez, F.A. and Boudaoud, H. and Camargo, M. and Pearce, J.M.},
title={Mechanical Properties of Direct Waste Printing of Polylactic Acid with Universal Pellets Extruder: Comparison to Fused Filament Fabrication on Open-Source Desktop Three-Dimensional Printers},
journal={3D Printing and Additive Manufacturing},
year={2020},
volume={7},
number={5},
pages={237-247},
doi={10.1089/3dp.2019.0195},
note={cited By 14},
url={https://www.scopus.com/inward/record.uri?eid=2-s2.0-85089810706&doi=10.1089%2f3dp.2019.0195&partnerID=40&md5=3e1be6294ea3cbe564311375aa6507a1},
document_type={Article},
source={Scopus},
}

@ARTICLE{CruzSanchez2020,
author={Cruz Sanchez, F.A. and Boudaoud, H. and Camargo, M. and Pearce, J.M.},
title={Plastic recycling in additive manufacturing: A systematic literature review and opportunities for the circular economy},
journal={Journal of Cleaner Production},
year={2020},
volume={264},
doi={10.1016/j.jclepro.2020.121602},
art_number={121602},
note={cited By 63},
url={https://www.scopus.com/inward/record.uri?eid=2-s2.0-85083723147&doi=10.1016%2fj.jclepro.2020.121602&partnerID=40&md5=84f59ba5701ee93d1b5fa2ac184830b3},
document_type={Review},
source={Scopus},
}

@CONFERENCE{Roux-Marchand2020,
author={Roux-Marchand, T. and Cruz, F. and Dupont, L. and Camargo, M. and Osorio, F.},
title={Connecting the strategic intent of innovation labs and projects: The case of the Green Fablab},
journal={Proceedings - 2020 IEEE International Conference on Engineering, Technology and Innovation, ICE/ITMC 2020},
year={2020},
doi={10.1109/ICE/ITMC49519.2020.9198320},
art_number={9198320},
note={cited By 0},
url={https://www.scopus.com/inward/record.uri?eid=2-s2.0-85093115013&doi=10.1109%2fICE%2fITMC49519.2020.9198320&partnerID=40&md5=01c43748fcd2d1c670443e39c678665c},
document_type={Conference Paper},
source={Scopus},
}

@ARTICLE{Santander2020,
author={Santander, P. and Cruz Sanchez, F.A. and Boudaoud, H. and Camargo, M.},
title={Closed loop supply chain network for local and distributed plastic recycling for 3D printing: a MILP-based optimization approach},
journal={Resources, Conservation and Recycling},
year={2020},
volume={154},
doi={10.1016/j.resconrec.2019.104531},
art_number={104531},
note={cited By 35},
url={https://www.scopus.com/inward/record.uri?eid=2-s2.0-85075796783&doi=10.1016%2fj.resconrec.2019.104531&partnerID=40&md5=b701f82f49a6516f1c7db3bf6d2e06a8},
document_type={Article},
source={Scopus},
}

@CONFERENCE{Cruz20201591,
author={Cruz, F. and Lanza, S. and Boudaoud, H. and Hoppe, S. and Camargo, M.},
title={Polymer recycling and additive manufacturing in an open source context: Optimization of processes and methods},
journal={Proceedings - 26th Annual International Solid Freeform Fabrication Symposium - An Additive Manufacturing Conference, SFF 2015},
year={2020},
pages={1591-1600},
note={cited By 27},
url={https://www.scopus.com/inward/record.uri?eid=2-s2.0-85084922347&partnerID=40&md5=6d49b0181626c790b8e13c5189b917d0},
document_type={Conference Paper},
source={Scopus},
}

@CONFERENCE{Albuquerque2018,
author={Albuquerque, R. and Arbelaez, G. and Cruz, F. and Camargo, M. and Joseph, D. and Tran, N.},
title={Modelling, Printing and Validation of Dental Dry Models for Implantology Skills Training},
journal={2018 IEEE International Conference on Engineering, Technology and Innovation, ICE/ITMC 2018 - Proceedings},
year={2018},
doi={10.1109/ICE.2018.8436302},
art_number={8436302},
note={cited By 0},
url={https://www.scopus.com/inward/record.uri?eid=2-s2.0-85052493878&doi=10.1109%2fICE.2018.8436302&partnerID=40&md5=805c93a03f703a4bde0b9b9224ba74af},
document_type={Conference Paper},
source={Scopus},
}

@ARTICLE{CruzSanchez201787,
author={Cruz Sanchez, F.A. and Boudaoud, H. and Hoppe, S. and Camargo, M.},
title={Polymer recycling in an open-source additive manufacturing context: Mechanical issues},
journal={Additive Manufacturing},
year={2017},
volume={17},
pages={87-105},
doi={10.1016/j.addma.2017.05.013},
note={cited By 82},
url={https://www.scopus.com/inward/record.uri?eid=2-s2.0-85027687467&doi=10.1016%2fj.addma.2017.05.013&partnerID=40&md5=38259198e17348474ea4cd00c1c853c2},
document_type={Article},
source={Scopus},
}

@ARTICLE{CruzSanchez2014151,
author={Cruz Sanchez, F.A. and Boudaoud, H. and Muller, L. and Camargo, M.},
title={Towards a standard experimental protocol for open source additive manufacturing: This paper proposes a benchmarking model for evaluating accuracy performance of 3D printers},
journal={Virtual and Physical Prototyping},
year={2014},
volume={9},
number={3},
pages={151-167},
doi={10.1080/17452759.2014.919553},
note={cited By 46},
url={https://www.scopus.com/inward/record.uri?eid=2-s2.0-84905637675&doi=10.1080%2f17452759.2014.919553&partnerID=40&md5=8d7d43d4f4696695e9fce3e759b758ba},
document_type={Article},
source={Scopus},
}
